@inproceedings{clark2023optimality,
  title={Optimality of Zeno executions in hybrid systems},
  author={Clark, William and Oprea, Maria},
  booktitle={2023 American Control Conference (ACC)},
  pages={3983--3988},
  year={2023},
  organization={IEEE}
}

@article{serdukova2021post,
  title={Post-grazing dynamics of a vibro-impacting energy generator},
  author={Serdukova, Larissa and Kuske, Rachel and Yurchenko, Daniil},
  journal={Journal of Sound and Vibration},
  volume={492},
  pages={115811},
  year={2021},
  publisher={Elsevier}
}


@inproceedings{CLeePIWLHMNC24,
	author = {Tejaswi C and Taeyoung Lee},
	booktitle = {Proceedings of the IFAC Workshop on Lagrangian and Hamiltonian Methods for Nonlinear Controls},
	date-added = {2024-07-10 12:05:36 -0400},
	date-modified = {2024-11-26 11:27:17 -0500},
	doi = {10.1016/j.ifacol.2024.08.272},
	key = {GM},
	month = jun,
	number = {6},
	pages = {149---154},
	title = {Variational Integrators for Stochastic Mechanical Hybrid Systems},
	volume = {58},
	year = {2024},
	bdsk-url-1 = {https://doi.org/10.1016/j.ifacol.2024.08.272}}


