@article{adu2025bring,
  title={Bring the heat: Rapid trajectory optimization with pseudospectral techniques and the affine geometric heat flow equation},
  author={Adu, Challen Enninful and Chuquiure, C{\'e}sar E Ramos and Zhang, Bohao and Vasudevan, Ram},
  journal={IEEE Robotics and Automation Letters},
  doi={10.1109/LRA.2025.3547299},
  year={2025},
  publisher={IEEE}
}

@article{zhang2025provably,
  title={Provably-Safe, Online System Identification},
  author={Zhang, Bohao and Zhou, Zichang and Vasudevan, Ram},
  journal={Robotics: Science and Systems},
  year={2025}
}

@article{parker2025invariant,
  title={An Invariant Preserving Sparse Spectral Discretization of the Continuum Equation},
  author={Ewen, Parker and Jacobs, Henry and Lymburner, Lucas and Vasudevan, Ram},
  journal={SIAM Journal on Applied Dynamical Systems},
  year={2025}
}

@article{adu2025phasing,
  title={Phasing Through the Flames: Rapid Motion Planning with the AGHF PDE for Arbitrary Objective Functions and Constraints},
  author={Adu, Challen Enninful and Chuquiure, C{\'e}sar E Ramos and Zhou, Yutong and Lin, Pearl and Yang, Ruikai and Zhang, Bohao and Singh, Shubham and Vasudevan, Ram},
  journal={arXiv preprint arXiv:2505.01589},
  year={2025}
}

@article{mouyebe2024local,
  title={On the Local Controllability of a Class of Quadratic Systems},
  author={Mouyebe, Moise R and Bloch, Anthony M},
  journal={arXiv preprint arXiv:2410.04770},
  year={2024}
}

@article{mouyebe2025coupling,
  title={Coupling Induced Stabilization of Network Dynamical Systems and Switching},
  author={Mouyebe, Moise R and Bloch, Anthony M},
  journal={arXiv preprint arXiv:2504.00403},
  year={2025}
}

@article{bloch2024metriplectic,
  title={Metriplectic Euler-Poincar$\backslash$'e equations: smooth and discrete dynamics},
  author={Bloch, Anthony and Puiggal{\'\i}, Marta Farr{\'e} and de Diego, David Mart{\'\i}n},
  journal={arXiv preprint arXiv:2401.05220},
  year={2024}
}

@inproceedings{clark2019bouncing,
  title={The bouncing penny and nonholonomic impacts},
  author={Clark, William and Bloch, Anthony},
  booktitle={2019 IEEE 58th Conference on Decision and Control (CDC)},
  pages={2114--2119},
  year={2019},
  organization={IEEE}
}
@article{acosta2023completeness,
  title={Completeness of Riemannian metrics: an application to the control of constrained mechanical systems},
  author={Acosta, Jos{\'e} {\'A}ngel and Bloch, Anthony and de Diego, David Mart{\'\i}n},
  journal={arXiv preprint arXiv:2311.14969},
  year={2023}
}


@article{bravo2024integrable,
  title={Integrable sub-Riemannian geodesic flows on the special orthogonal group},
  author={Bravo-Doddoli, Alejandro and Arathoon, Philip and Bloch, Anthony M},
  journal={arXiv preprint arXiv:2411.09008},
  year={2024}
}

@inproceedings{teng2024generalized,
  title={A Generalized Metriplectic System via Free Energy and System Identification via Bilevel Convex Optimization},
  author={Teng, Sangli and Iwasaki, Kaito and Clark, William and Yu, Xihang and Bloch, Anthony and Vasudevan, Ram and Ghaffari, Maani},
  booktitle={Proceedings of the American Control Conference},
  year={2025}
}

@article{pickard2024kronecker,
  title={Kronecker product of tensors and hypergraphs: structure and dynamics},
  author={Pickard, Joshua and Chen, Can and Stansbury, Cooper and Surana, Amit and Bloch, Anthony M and Rajapakse, Indika},
  journal={SIAM Journal on Matrix Analysis and Applications},
  volume={45},
  number={3},
  pages={1621--1642},
  year={2024},
  publisher={SIAM}
}

@article{bloch2024symmetric,
  title={Symmetric Discrete Optimal Control and Deep Learning},
  author={Bloch, Anthony M and Crouch, Peter E and Ratiu, Tudor S},
  journal={arXiv preprint arXiv:2404.06556},
  year={2024}
}

@inproceedings{teng2024generalized,
  title={A Generalized Metriplectic System via Free Energy and System Identification via Bilevel Convex Optimization},
  author={Teng, Sangli and Iwasaki, Kaito and Clark, William and Yu, Xihang and Bloch, Anthony and Vasudevan, Ram and Ghaffari, Maani},
  booktitle={Proceedings of the American Control Conference},
  year={2025}
}

@article{teng2024convex,
  title={Convex geometric motion planning of multi-body systems on {Lie} groups via variational integrators and sparse moment relaxation},
  author={Teng, Sangli and Jasour, Ashkan and Vasudevan, Ram and Ghaffari, Maani},
  journal={The International Journal of Robotics Research},
  pages={02783649241296160},
  year={2024},
  publisher={SAGE Publications Sage UK: London, England}
}

@inproceedings{liu2025discrete,
  title={Discrete-time hybrid automata learning: Legged locomotion meets skateboarding},
  author={Liu, Hang and Teng, Sangli and Liu, Ben and Zhang, Wei and Ghaffari, Maani},
  booktitle={Proceedings of Robotics: Science and Systems},
  year={2025}
}

@inproceedings{teng2025riemannian,
  title={Riemannian direct trajectory optimization of rigid bodies on matrix {Lie} groups},
  author={Teng, Sangli and Lin, Tzu-Yuan and Clark, William A and Vasudevan, Ram and Ghaffari, Maani},
  booktitle={Proceedings of Robotics: Science and Systems},
  year={2025}
}

@article{teng2025max,
  title={Max Entropy Moment Kalman Filter for Polynomial Systems with Arbitrary Noise},
  author={Teng, Sangli and Zhang, Harry and Jin, David and Jasour, Ashkan and Vasudevan, Ram and Ghaffari, Maani and Carlone, Luca},
  journal={arXiv preprint arXiv:2506.00838},
  year={2025}
}

@misc{gameiro2024globaldynamicsordinarydifferential,
      title={Global Dynamics of Ordinary Differential Equations: Wall Labelings, Conley Complexes, and Ramp Systems}, 
      author={Marcio Gameiro and Tomáš Gedeon and Hiroshi Kokubu and Konstantin Mischaikow and Hiroe Oka and Bernardo Rivas and Ewerton Vieira and Daniel Gameiro},
      year={2024},
      eprint={2412.11078},
      archivePrefix={arXiv},
      primaryClass={math.DS},
      url={https://arxiv.org/abs/2412.11078}, 
}

@misc{gameiro2025datadrivenidentificationattractorsusing,
      title={Data-driven Identification of Attractors Using Machine Learning}, 
      author={Marcio Gameiro and Brittany Gelb and William Kalies and Miroslav Kramar and Konstantin Mischaikow and Paul Tatasciore},
      year={2025},
      eprint={2506.06492},
      archivePrefix={arXiv},
      primaryClass={math.DS},
      url={https://arxiv.org/abs/2506.06492}, 
}

@misc{gameiro2025rigorouslycharacterizingdynamicsmachine,
      title={Rigorously Characterizing Dynamics with Machine Learning}, 
      author={Marcio Gameiro and Brittany Gelb and Konstantin Mischaikow},
      year={2025},
      eprint={2505.17302},
      archivePrefix={arXiv},
      primaryClass={math.DS},
      url={https://arxiv.org/abs/2505.17302}, 
}

@misc{bauer2024cyclingsignaturesidentifyingcycling,
      title={Cycling Signatures: Identifying Cycling Motions in Time Series using Algebraic Topology}, 
      author={Ulrich Bauer and David Hien and Oliver Junge and Konstantin Mischaikow},
      year={2024},
      eprint={2312.04734},
      archivePrefix={arXiv},
      primaryClass={math.DS},
      url={https://arxiv.org/abs/2312.04734}, 
}
@misc{kepley2024globalanalysisregulatorynetwork,
      title={Global analysis of regulatory network dynamics: equilibria and saddle-node bifurcations}, 
      author={Shane Kepley and Konstantin Mischaikow and Elena Queirolo},
      year={2024},
      eprint={2204.13739},
      archivePrefix={arXiv},
      primaryClass={math.DS},
      url={https://arxiv.org/abs/2204.13739}, 
}

@article{ClGu-weakened_topologies,
    author={Clark, William and Guralnik, Dan~P.},
    title={{H}ybrid {S}tate {S}paces, {W}eak {T}opologies and {D}ynamics},
    journal={In preparation},
    year={2025},
}

@article{KaRi-hybridCIT,
    author={Kalies, William and Rivas, Bernardo},
    title={Computational {C}onley Theory for Hybrid Systems},
    journal={In preparation},
    year={2025},
}

@misc{clark_oc,
    author = {Clark, William and Oprea, Maria},
    title = {Symplectic Geometry in Hybrid and Impulsive Optimal Control},
    year = {2025},
    eprint = {2504.15117},
    archivePrefix = {arXiv},
    primaryClass = {math.OC},
    url = {https://arxiv.org/abs/2504.15117}
}

@misc{clark_linear,
    author = {Clark, William},
    title = {Dynamics and Optimal Control of State-Triggered Affine Hybrid Systems},
    year = {2025},
    eprint = {2407.11209},
    archivePrefix = {arXiv},
    primaryClass = {math.OC},
    url = {https://arxiv.org/abs/2407.11209}
}

@article{OpSh_fp,
    author = {Oprea, Maria and Shaw, Aden and Huq, Robi and Iwasaki, Kaito and Kassabova, Dora and Clark, William},
    title = {A Study of the Long-Term Behavior of Hybrid Systems with Symmetries via Reduction and the {F}robenius-{P}erron Operator},
    journal = {SIAM Journal on Applied Dynamical Systems},
    volume = {23},
    number = {4},
    pages = {2899-2938},
    year = {2024},
    doi = {10.1137/23M1603777}
}

@inproceedings{left_invariant,
    author = {Clark, William and Oprea, Maria},
    title = {Optimal Control of Reduced Left-Invariant Hybrid Control Systems},
    booktitle = {2024 IEEE 63rd Conference on Decision and Control (CDC)},
    year = {2024},
    pages = {8572-8577},
    doi = {10.1109/CDC56724.2024.10886789}
}

@inproceedings{hybrid_holonomy,
    author = {Oprea, Maria and Clark, William},
    title = {How do we walk? Using hybrid holonomy to approximate non-holonomic systems},
    booktitle = {2022 IEEE 61st Conference on Decision and Control (CDC)},
    year = {2022},
    pages={2621-2625},
    doi={10.1109/CDC51059.2022.9993246}
}

@misc{stochastic-hybrid,
    author = {C., Tejaswi~K. and Clark, William and Lee, Taeyoung},
    title = {Uncertainty propogation of stochastic hybrid systems: a case study for types of jump},
    year = {2024},
    eprint = {2412.10517},
    archivePrefix = {arXiv},
    primaryClass = {math.OC},
    url = {https://arxiv.org/abs/2412.10517}
}